<record><leader>00000cas a22000007a 4500</leader><controlfield tag="001">40173372</controlfield><controlfield tag="008">981027c19849999vauwr ne      0    0eng d</controlfield><datafield ind1=" " ind2=" " tag="010"><subfield code="a">sn 98068379 </subfield></datafield><datafield ind1=" " ind2=" " tag="040"><subfield code="a">NVK</subfield><subfield code="b">eng</subfield><subfield code="c">NVK</subfield><subfield code="d">OCL</subfield><subfield code="d">OCLCQ</subfield><subfield code="d">OCLCF</subfield><subfield code="d">OCLCO</subfield></datafield><datafield ind1="1" ind2=" " tag="029"><subfield code="a">AU@</subfield><subfield code="b">000021636637</subfield></datafield><datafield ind1=" " ind2=" " tag="042"><subfield code="a">msc</subfield></datafield><datafield ind1="0" ind2="4" tag="245"><subfield code="a">The Fincastle herald Botetourt County news.</subfield></datafield><datafield ind1="1" ind2=" " tag="246"><subfield code="i">Published as:</subfield><subfield code="a">Fincastle herald &amp; Botetourt County news</subfield><subfield code="f">Oct. 20, 1993-</subfield></datafield><datafield ind1=" " ind2=" " tag="260"><subfield code="a">Salem, Va. :</subfield><subfield code="b">Salem Pub. Co.,</subfield><subfield code="c">1984-</subfield></datafield><datafield ind1=" " ind2=" " tag="300"><subfield code="a">v.</subfield></datafield><datafield ind1=" " ind2=" " tag="310"><subfield code="a">Weekly</subfield></datafield><datafield ind1="0" ind2=" " tag="362"><subfield code="a">Vol. 119, no. 40 (Oct. 4, 1984)-</subfield></datafield><datafield ind1=" " ind2=" " tag="500"><subfield code="a">Two issues published for vol. 128, no. 42 (Oct. 20, 1993): one regular issue, one "sample issue" to attract subscriptions.</subfield></datafield><datafield ind1=" " ind2=" " tag="580"><subfield code="a">Salem Pub. Co., under Ray Robinson, also published: Salem times-register (Salem, Va. : 1970); Vinton messenger; and New Castle record.</subfield></datafield><datafield ind1=" " ind2="0" tag="651"><subfield code="a">Salem (Va.)</subfield><subfield code="v">Newspapers.</subfield></datafield><datafield ind1=" " ind2="0" tag="651"><subfield code="a">Fincastle (Va.)</subfield><subfield code="v">Newspapers.</subfield></datafield><datafield ind1=" " ind2="0" tag="651"><subfield code="a">Botetourt County (Va.)</subfield><subfield code="v">Newspapers.</subfield></datafield><datafield ind1=" " ind2="7" tag="655"><subfield code="a">Newspapers.</subfield><subfield code="2">fast</subfield><subfield code="0">(OCoLC)fst01423814</subfield></datafield><datafield ind1=" " ind2="7" tag="651"><subfield code="a">Virginia</subfield><subfield code="z">Botetourt County.</subfield><subfield code="2">fast</subfield><subfield code="0">(OCoLC)fst01207230</subfield></datafield><datafield ind1=" " ind2="7" tag="651"><subfield code="a">Virginia</subfield><subfield code="z">Fincastle.</subfield><subfield code="2">fast</subfield><subfield code="0">(OCoLC)fst01248271</subfield></datafield><datafield ind1=" " ind2="7" tag="651"><subfield code="a">Virginia</subfield><subfield code="z">Salem.</subfield><subfield code="2">fast</subfield><subfield code="0">(OCoLC)fst01221073</subfield></datafield><datafield ind1="1" ind2=" " tag="700"><subfield code="a">Robinson, Ray.</subfield></datafield><datafield ind1=" " ind2=" " tag="752"><subfield code="a">United States</subfield><subfield code="b">Virginia</subfield><subfield code="c">Roanoke</subfield><subfield code="d">Salem.</subfield></datafield><datafield ind1="1" ind2=" " tag="775"><subfield code="t">Salem times-register (Salem, Va. : 1970)</subfield><subfield code="w">(DLC)sn 98068230</subfield></datafield><datafield ind1="1" ind2=" " tag="775"><subfield code="t">Vinton messenger</subfield><subfield code="w">(DLC)sn 85000801</subfield></datafield><datafield ind1="1" ind2=" " tag="775"><subfield code="t">New Castle record</subfield><subfield code="w">(DLC)sn 87056758</subfield></datafield><datafield ind1="0" ind2="0" tag="780"><subfield code="t">Botetourt County news and the Fincastle herald</subfield><subfield code="w">(DLC)sn 98068372</subfield></datafield></record>